<?xml version="1.0" encoding="UTF-8"?><collection xmlns="http://www.loc.gov/MARC21/slim"><record><leader>00463nam--2200181-i-4500</leader><controlfield tag="001">000008576</controlfield><controlfield tag="002">20161230</controlfield><controlfield tag="005">20161230201027</controlfield><controlfield tag="008">060222s1000------------r-----000-0-rum-d</controlfield><datafield ind1=" " ind2=" " tag="040"><subfield code="a">IFIN-HH</subfield></datafield><datafield ind1=" " ind2=" " tag="041"><subfield code="a">rum</subfield></datafield><datafield ind1=" " ind2=" " tag="080"><subfield code="a">521(075.8)</subfield></datafield><datafield ind1="1" ind2=" " tag="100"><subfield code="a">Dinulescu, N.I</subfield></datafield><datafield ind1="1" ind2="0" tag="245"><subfield code="a">Astronomie fundamentala</subfield><subfield code="c">Cn.i. dinulescu</subfield></datafield><datafield ind1=" " ind2=" " tag="260"><subfield code="a">Bucuresti</subfield><subfield code="b">Editura Didactica Si Pedagogica</subfield><subfield code="c">1968</subfield></datafield><datafield ind1=" " ind2=" " tag="300"><subfield code="a">326P</subfield></datafield><datafield ind1=" " ind2=" " tag="852"><subfield code="a">28983</subfield><subfield code="c">521/522</subfield></datafield><datafield ind1=" " ind2=" " tag="CAT"><subfield code="a">Sys</subfield><subfield code="c">20130829</subfield><subfield code="h">125337</subfield></datafield></record></collection>